<?xml version="1.0" encoding="UTF-8"?><collection xmlns="http://www.loc.gov/MARC21/slim"><record><leader>00349nam--2200133-i-4500</leader><controlfield tag="001">000037853</controlfield><controlfield tag="002">20161230</controlfield><controlfield tag="005">20161230201041</controlfield><controlfield tag="008">060222s1000------------r-----000-0-eng-d</controlfield><datafield ind1=" " ind2=" " tag="080"><subfield code="a">620.193</subfield></datafield><datafield ind1=" " ind2=" " tag="100"><subfield code="a">Radoi,Ioan</subfield></datafield><datafield ind1=" " ind2=" " tag="245"><subfield code="a">Introducere in coroziunea si protectia metalelor si aliajelor</subfield></datafield><datafield ind1=" " ind2=" " tag="260"><subfield code="a">Timisoara, Ed.Facla, 1982. 247 P</subfield></datafield><datafield ind1=" " ind2=" " tag="852"><subfield code="a">49963</subfield></datafield></record></collection>